
@incollection{manning2008,
author = "Christopher D. Manning and Prabhakar Raghavan and Hinrich Sch√ºtze",
title = {Scoring, term weighting, and the vector space model}, 
booktitle = {Introduction to Information Retrieval}, 
publisher = {Cambridge University Press}, 
year = {2008},
pages = {100--123},
isbn = {9780511809071}, 
note = {Cambridge Books Online}, 
url = {http://dx.doi.org/10.1017/CBO9780511809071.007}
}

